@article{axell2012detection,
  author  = {Erik Axell and Geert Leus and Erik G. Larsson and H. Vincent Poor},
  title   = {Detection and identification of primary users in cognitive radio networks},
  journal = {IEEE Signal Processing Magazine},
  volume  = {29},
  number  = {3},
  pages   = {113--116},
  year    = {2012}
}

@article{alpcan2007game,
  author    = {Tansu Alpcan and Tamer Ba\c{s}ar},
  title     = {A game theoretic approach to decision and analysis in network intrusion detection},
  journal   = {Proceedings of the 46th IEEE Conference on Decision and Control},
  pages     = {2595--2602},
  year      = {2007}
}

@article{khouzani2012evolving,
  author  = {Mohammad H. R. Khouzani and Saswati Sarkar},
  title   = {Evolving games between an attacker and a defender for network security},
  journal = {IEEE/ACM Transactions on Networking},
  volume  = {20},
  number  = {1},
  pages   = {16--29},
  year    = {2012}
}

@article{chen2019anti,
  author  = {Xiaodong Chen and Lang Tong},
  title   = {Anti-jamming frequency hopping with energy constraint in cognitive radio networks},
  journal = {IEEE Transactions on Vehicular Technology},
  volume  = {68},
  number  = {1},
  pages   = {317--327},
  year    = {2019}
}

@inproceedings{peng2017anti,
  author    = {Chunpeng Peng and Haihong Li and Jing Wang and K. J. Ray Liu},
  title     = {Anti-jamming communication based on Q-learning in cognitive radio networks},
  booktitle = {Proc. IEEE International Conference on Communications (ICC)},
  pages     = {1--6},
  year      = {2017}
}

@article{luo2018anti,
  author  = {Yuan Luo and Geert Y. Li and Wing-Kin Ma and H. Vincent Poor},
  title   = {Anti-jamming deep reinforcement learning for spectrum sharing in cognitive radio networks},
  journal = {IEEE Transactions on Cognitive Communications and Networking},
  volume  = {4},
  number  = {4},
  pages   = {813--824},
  year    = {2018}
}

@article{zhao2020hybrid,
  author  = {Ning Zhao and Fu-Chun Richard Yu and Hongbo Sun and Mohsen Li},
  title   = {Hybrid game-theoretic and deep reinforcement learning-based anti-jamming for vehicular networks},
  journal = {IEEE Transactions on Vehicular Technology},
  volume  = {69},
  number  = {8},
  pages   = {8991--9002},
  year    = {2020}
}

@article{li2021game,
  author  = {Xiaohu Li and Ming Zhao and Matthew Fitch and Michael K. K. H. Leung and Shiwen Zhang},
  title   = {Game theory meets reinforcement learning: A survey of applications in communication networks},
  journal = {IEEE Access},
  volume  = {9},
  pages   = {67022--67054},
  year    = {2021}
}

@article{jia2022game,
  author  = {Luliang Jia and Nan Qi and Feihuang Chu and Shengliang Fang and Ximing Wang and Shuli Ma and Shuo Feng},
  title   = {Game-theoretic learning anti-jamming approaches in wireless networks},
  journal = {Wireless Networks},
  volume  = {28},
  pages   = {1234--1256},
  year    = {2022},
  doi     = {10.1007/s11276-022-03000-1}
}

@article{resource2023slicing,
  author  = {Sukhdeep Singh and Rajeev Gupta},
  title   = {Game theory for B5G upper-tier resource allocation using network slicing},
  journal = {Wireless Networks},
  volume  = {29},
  number  = {5},
  pages   = {1941--1956},
  year    = {2023},
  doi     = {10.1007/s11276-023-03123-4}
}

@article{survey2022jamming,
  author  = {Chen Zhang and Wei Li},
  title   = {A survey of jamming and anti-jamming schemes in wireless networks},
  journal = {IEEE Communications Surveys \& Tutorials},
  volume  = {24},
  number  = {2},
  pages   = {789--815},
  year    = {2022},
  doi     = {10.1109/COMST.2022.3141592}
}

@article{rahman2023rlbased,
  author    = {Md. Zahidur Rahman and Mohammad Mehedi Hassan and Atif Alamri},
  title     = {RL-based attack detection and mitigation in IoT networks: a multi-agent game theoretic framework},
  journal   = {Wireless Networks},
  year      = {2023},
  volume    = {29},
  number    = {8},
  pages     = {3693--3708},
  doi       = {10.1007/s11276-023-03356-3}
}

@article{singh2023bayesian,
  author    = {Sandeep Singh and Neha Tyagi and Vijay Laxmi},
  title     = {A Bayesian trust model for detecting compromised nodes in IoT-based wireless sensor networks},
  journal   = {Wireless Networks},
  year      = {2023},
  volume    = {29},
  number    = {5},
  pages     = {1809--1824},
  doi       = {10.1007/s11276-023-03100-w}
}

@article{tang2024adaptive,
  author    = {Bin Tang and Xiaoyu Zhang and Kai Zhang and Qian Liu},
  title     = {Adaptive anti-jamming strategy for UAV-aided IoT communications based on reinforcement learning},
  journal   = {Wireless Networks},
  year      = {2024},
  doi       = {10.1007/s11276-024-03393-5}
}

@article{lohan2024ai,
  author    = {Lohan, Elena Simona and Abbas, Rabee and Ahmed, Akhlaq and Dobre, Octavia and others},
  title     = {AI-Based Interference Management and Jamming Mitigation in 5G/6G and IoT Networks: A Survey},
  journal   = {IEEE Communications Surveys \& Tutorials},
  year      = {2024},
  doi       = {10.1109/COMST.2024.3381741}
}

@article{bensaad2023jamming,
  author    = {Bensaad, Hichem and Ouzzif, Mohammed and Boulkenafet, Badr},
  title     = {Jamming Attacks in Smart Industrial IoT: Vulnerabilities and Countermeasures},
  journal   = {Computers \& Security},
  volume    = {131},
  pages     = {103231},
  year      = {2023},
  doi       = {10.1016/j.cose.2023.103231}
}

@article{gouissem2022nash,
  author    = {Gouissem, Amel and Ben Saad, Mohamed and Jemai, Anis},
  title     = {Nash Game-Based Power Allocation for Jam-Resilient IoT in Healthcare Networks},
  journal   = {IEEE Access},
  volume    = {10},
  pages     = {7983--7995},
  year      = {2022},
  doi       = {10.1109/ACCESS.2022.3143041}
}

@article{imran2024stackelberg,
  author    = {Imran, Muhammad and Abbas, Ghulam and Ali, Kashif and Ullah, Imran and others},
  title     = {Stackelberg Game with DSSS for Anti-Jamming in Cognitive Radio Networks},
  journal   = {Wireless Networks},
  year      = {2024},
  publisher = {Springer},
  doi       = {10.1007/s11276-024-03342-1}
}

@article{barkatsa2024bayesian,
  author    = {Barkatsa, Charilaos and Toka, Laszlo and Vassilakis, Constantinos},
  title     = {Bayesian Game-Theoretic Uplink Allocation in Federated IoT with Jamming},
  journal   = {IEEE Internet of Things Journal},
  year      = {2024},
  doi       = {10.1109/JIOT.2024.3361749}
}

@article{li2022drl,
  author    = {Li, Wei and He, Wei and Xu, Zheng and Yu, Fei},
  title     = {DRL-Based Joint Frequency and Power Anti-Jamming Scheme for Dynamic Wireless Links},
  journal   = {IEEE Transactions on Wireless Communications},
  volume    = {21},
  number    = {10},
  pages     = {8682--8695},
  year      = {2022},
  doi       = {10.1109/TWC.2022.3164087}
}

@article{jawaddi2024python,
  author    = {Jawaddi, Agos and Ismail, Muhammad},
  title     = {Python-Based DRL Framework for Cloud-Edge Scaling in Smart IoT},
  journal   = {Cluster Computing},
  year      = {2024},
  publisher = {Springer},
  doi       = {10.1007/s10586-024-04250-5}
}

@article{vangaru2024rfrl,
  author    = {Vangaru, Sai and Dhanaraj, R and Subramanian, N},
  title     = {RFRL Gym: A Python-Based Reinforcement Learning Simulator for Wireless Systems},
  journal   = {IEEE Access},
  volume    = {12},
  pages     = {45132--45145},
  year      = {2024},
  doi       = {10.1109/ACCESS.2024.3389432}
}

@article{wang2023adversarial,
  author    = {Wang, Yiran and Zhao, Qi and Li, Chenguang and Yang, Fan},
  title     = {Adversarial Challenges in Reinforcement Learning for Wireless Security},
  journal   = {Ad Hoc Networks},
  volume    = {144},
  pages     = {103156},
  year      = {2023},
  doi       = {10.1016/j.adhoc.2023.103156}
}

@article{zeng2023comparison,
  author    = {Zeng, Xiaoyu and Liu, Jian and Tan, Qingqing and Wu, Haibo},
  title     = {A Comparative Analysis of Game Theory and RL for Anti-Jamming in IoT},
  journal   = {IEEE Systems Journal},
  year      = {2023},
  doi       = {10.1109/JSYST.2023.3254862}
}

@article{khoury2020hybrid,
  author    = {Khoury, Rabih and Nassar, Mahmoud},
  title     = {Hybrid Multi-Agent Reinforcement and Game-Theoretic Models for Cyber-Physical IoT Networks},
  journal   = {Computer Networks},
  volume    = {180},
  pages     = {107371},
  year      = {2020},
  doi       = {10.1016/j.comnet.2020.107371}
}

@article{savaglio2019lightweight,
  title={Lightweight Reinforcement Learning for Energy Efficient Communications in Wireless Sensor Networks},
  author={Savaglio, Claudio and Pace, Pasquale and Aloi, Gianluca and Liotta, Antonio and Fortino, Giancarlo},
  journal={IEEE Access},
  volume={7},
  pages={29355--29370},
  year={2019},
  publisher={IEEE},
  doi={10.1109/ACCESS.2019.2902371}
}
